
@phdthesis{cifracaoarqvswave,
	Address = {Brasília-DF},
	Author = {Cortes, Emmanuel Felipe da Silva},
	Date-Added = {Dez-2006},
	Date-Modified = {Dez-2006},
	School = {Centro Universitário de Brasília},
	Title = {Cifração de arquivos wave},
	Url = {https://repositorio.uniceub.br/jspui/bitstream/123456789/3150/2/20218065.pdf},
	Urlaccessdate = {28 mai. 2022},
	Year = {2005},
	Bdsk-Url-1 = {https://repositorio.uniceub.br/jspui/bitstream/123456789/3150/2/20218065.pdf}}

@misc{decibelembarcados,
	Author = {Alessandro Cunha},
	Date-Added = {Jan-2016},
	Date-Modified = {Jan-2016},
	Howpublished = {O que é Decibel?},
	Keywords = {decibel},
	Title = {O que é Decibel?},
	Url = {https://www.embarcados.com.br/o-que-e-decibel/},
	Urlaccessdate = {08 jun 2022},
	Year = {2016},
	Bdsk-Url-1 = {https://www.embarcados.com.br/o-que-e-decibel/}}
	
@misc{ondassonoras,
	Author = {Junior, Joab Silas da Silva.},
	Date-Added = {2022},
	Date-Modified = {2022},
	Howpublished = {"Ondas sonoras"; Brasil Escola},
	Keywords = {ondas sonoras},
	Title = {"Ondas sonoras"; Brasil Escola},
	Url = {https://brasilescola.uol.com.br/fisica/ondas-sonoras.htm},
	Urlaccessdate = {08 jun 2022},
	Year = {2022},
	Bdsk-Url-1 = {https://brasilescola.uol.com.br/fisica/ondas-sonoras.htm}}

@misc{decibelingles,
	Author = {Erik Gregersen},
	Date-Added = {2020},
	Date-Modified = {2022},
	Howpublished = {Decibel - unit of measurement},
	Keywords = {decibel},
	Title = {Decibel - unit of measurement},
	Url = {https://www.britannica.com/science/decibel},
	Urlaccessdate = {08 jun 2022},
	Year = {2022},
	Bdsk-Url-1 = {https://www.britannica.com/science/decibel}}

@misc{decibelref,
	Author = {Thiago Oliveira},
	Date-Added = {Jan--2021},
	Date-Modified = {Jan--2021},
	Howpublished = {Decibel – o que é? Para quê serve?},
	Keywords = {decibel},
	Title = {Decibel – o que é? Para quê serve?},
	Url = {https://eltgeral.com.br/decibel-db/},
	Urlaccessdate = {08 jun 2022},
	Year = {2021},
	Bdsk-Url-1 = {https://eltgeral.com.br/decibel-db/}}